% This file was created with JabRef 2.8.1.
% Encoding: Cp1252

@ARTICLE{leonard:2019,
  author = {Leonard, D. K. and Li, W. and Junge, K. and Beller, M.},
  title = {Improved Bimetallic Cobbalt--Manganese Catalysts for Selective Oxidative Cleavage of Morpholine Derivatives},
  journal = {ACS Catal.},
  year = {2019},
  volume = {9},
  pages = {11125--11129},
  number = {},
  address = {},
  publisher = {}
}

@ARTICLE{li:2019,
  author = {Li, W. and Liu, W. and Leonard, D. K. and Rabeah, J. and Br\"uckner, A. and Junge, K. and Beller, M.},
  title = {Practical Catalytic Cleavage od C(sp\textsuperscript{3})--C(sp\textsuperscript{3}) Bonds in Amines},
  journal = {Angew. Chem., Int. Ed.},
  year = {2019},
  volume = {58},
  pages = {10693--10697},
  number = {},
  address = {},
  publisher = {}
}

@ARTICLE{cooper:2020,
  author = {Cooper, A. K. and Leonard, D. K. and Bajo, S and Burton, P. M., and Nelson, D. J.},
  title = {Aldehydes and Ketones Influence Reactivity and Selectivity in Nickel-Catalysed Suzuki--Miyaura Reactions},
  journal = {Chem. Sci.},
  year = {2020},
  volume = {11},
  pages = {1905--1911},
  number = {},
  address = {},
  publisher = {}
}

@ARTICLE{harris:1997,
  author = {Harris, C. E. and Chrisman, W. and Bickford, S. A. and Lee, L. Y. and Torreblanca, A. E. and Singaram, B.},
  title = {Enamine Oxidations. 2. Selective Oxidative Cleavage of $\beta$,$\beta$-Disubstituted Enamines Using Alumina Supported Permanganate. Synthesis of One-Carbon Dehomologated Carbonyl Compounds from Enamines},
  journal = {Tetrahedron Lett.},
  year = {1997},
  volume = {38},
  pages = {981--984},
  number = {},
  address = {},
  publisher = {}
}

@ARTICLE{flemming:1989,
  author = {Flemming, C. A. and Trevors, J. T.},
  title = {Copper Toxicity and Chemistry in the Environment: a Review},
  journal = {Water Air Soil Pollut.},
  year = {1989},
  volume = {44},
  pages = {143--158},
  number = {},
  address = {},
  publisher = {}
}

@ARTICLE{yan:2020,
  author = {Yan, J. and Meng, Q. and Shen, X. and Chen, B. and Sun, Y. and Xiang, J. and Liu, H. and Han, B.},
  title = {Selective Valorization of Lignin to Phenol by Direct Transformation of C\textsubscript{sp2}$-$C\textsubscript{sp3} and C$-$O Bonds},
  journal = {Sci. Adv.},
  year = {2020},
  volume = {6},
  pages = {eabd1951},
  number = {},
  address = {},
  publisher = {}
}

@ARTICLE{tishchenko:2016,
  author = {Tishchenko, K. I. and Beloglazkina, E. K. and Mazhunga, A. G. and Zyk, N. V.},
  title = {Copper-Containing Enzymes: Site Types and Low-Molecular-Weight Model Compounds},
  journal = {Rev. J. Chem.},
  year = {2016},
  volume = {6},
  pages = {49--82},
  number = {},
  address = {},
  publisher = {}
}

@ARTICLE{ettedgui:2009,
  author = {Ettedgui, J. and Neumann, R.},
  title = {Phenanthroline Decorated by a Crown Ether as a Module for Metallorganic-Polyoxometalate Hybrid Catalysts: The Wacker Type Oxidation of Alkenes with Nitrous Oxide as Terminal Oxidant},
  journal = {J. Am. Chem. Soc.},
  year = {2009},
  volume = {131},
  pages = {4--5},
  number = {},
  address = {},
  publisher = {}
}

@ARTICLE{zuo:2010,
  author = {Zuo, X. and Niu, F. and Snavely, K. and Subramaniam, B. and Busch, D. H.},
  title = {Liquid Phase Oxidation of \textit{p}-Xylene to Terephthalic Acid at Medium-High Temperatures: Multiple Benefits of CO\textsubscript{2}-Expanded Liquids},
  journal = {Green Chem.},
  year = {2010},
  volume = {12},
  pages = {260--267},
  number = {},
  address = {},
  publisher = {}
}

@ARTICLE{raghavendrachar:1992,
  author = {Raghavendrachar, P. and Ramachandran, S.},
  title = {Liquid-Phase Catalytic Oxidation of \textit{p}-Xylene},
  journal = {Ind. Eng. Chem. Res.},
  year = {1992},
  volume = {31},
  pages = {453--462},
  number = {},
  address = {},
  publisher = {}
}

@ARTICLE{allpress:2013,
  author = {Allpress, C. J. and Berreau, L. M.},
  title = {Oxidative Aliphatic Carbon--Carbon Bond Cleavage Reactions},
  journal = {Coord. Chem. Rev.},
  year = {2013},
  volume = {257},
  pages = {3005--3029},
  number = {},
  address = {},
  publisher = {}
}

@ARTICLE{masarwa:2014,
  author = {Masarwa, A. and Didier, D. and Zabrodski, T. and Schinkel, M. and Ackermann, L. and Marek, I.},
  title = {Merging Allylic Carbon--Hydrogen and Selective Carbon--Carbon Bond Activation},
  journal = {Nature},
  year = {2014},
  volume = {505},
  pages = {199--203},
  number = {},
  address = {},
  publisher = {}
}

@ARTICLE{he:2017,
  author = {He, J. and Wasa, M. and Chan, K. S. L. and Shao, Q. and Yu, J. Q},
  title = {Palladium-Catalyzed Transformations of Alkyl C--H Bonds},
  journal = {Chem. Rev.},
  year = {2017},
  volume = {117},
  pages = {8754--8786},
  number = {},
  address = {},
  publisher = {}
}

@ARTICLE{he:2019,
  author = {He, K. and Zhang, T. and Zhang, S. and Sun, Z. and Zhang, Y. and Yuan, Y. and Jia, X.},
  title = {Tunable Functionalization of Saturated C--C and C--H Bonds of \textit{N}, \textit{N'}-Diarylpiperazines Enabled by \textit{tert}-Butyl Nitrite (TBN) and NaNO\textsubscript{2} Systems},
  journal = {Org. Lett.},
  year = {2019},
  volume = {21},
  pages = {5030--5034},
  number = {},
  address = {},
  publisher = {}
}

@ARTICLE{tomas:2013,
  author = {Tom\'as, R. A. and Bordado, J. C. and Gomes, J. F.},
  title = {\textit{p}-Xylene Oxidation to Terephthalic Acid: A Literature Review Oriented Toward Process Optimization and Development},
  journal = {Chem. Rev.},
  year = {2013},
  volume = {113},
  pages = {7421--7469},
  number = {},
  address = {},
  publisher = {}
}

@ARTICLE{brill:1960,
  author = {Brill, W.},
  title = {Terephthalic Acid by Single-Stage Oxidation},
  journal = {Ind. Eng. Chem.},
  year = {1960},
  volume = {52},
  pages = {837--840},
  number = {},
  address = {},
  publisher = {}
}

@ARTICLE{roque:2018,
  author = {Roque, J. B. and Kuroda, Y. and G\"ottemann, L. T. and Sarpong, R.},
  title = {Deconstructive Fluorination of Cyclic Amines by Carbon--Carbon Cleavage},
  journal = {Science},
  year = {2018},
  volume = {361},
  pages = {171--174},
  number = {},
  address = {},
  publisher = {}
}

@ARTICLE{roque:2018-2,
  author = {Roque, J. B. and Kuroda, Y. and G\"ottemann, L. T. and Sarpong, R.},
  title = {Deconstructive Diversification of Cyclic Amines},
  journal = {Nature},
  year = {2018},
  volume = {564},
  pages = {244--248},
  number = {},
  address = {},
  publisher = {}
}

@ARTICLE{murakami:2016,
  author = {Murakami, M. and Ishida, N.},
  title = {Potential of Metal-Catalyzed C--C Single Bond Cleavage for Organic Synthesis},
  journal = {J. Am. Chem. Soc.},
  year = {2016},
  volume = {42},
  pages = {13759--13769},
  number = {},
  address = {},
  publisher = {}
}

@ARTICLE{xia:2016,
  author = {Xia, Y. and Lu, G. and Liu, P. and Dong, G.},
  title = {Catalytic Activation of Carbon--Carbon Bonds in Cyclopentanones},
  journal = {Nature},
  year = {2016},
  volume = {539},
  pages = {546--550},
  number = {},
  address = {},
  publisher = {}
}

@ARTICLE{ota:2019,
  author = {Ota, E. and Wang, H. and Frye, N. L. and Knowles, R. R.},
  title = {A Redox Strategy for Light-Driven, Out-of-Equilibrium Isomerizations and Application to Catalytic C--C Bond Cleavage},
  journal = {J. Am. Chem. Soc.},
  year = {2019},
  volume = {141},
  pages = {1457--1462},
  number = {},
  address = {},
  publisher = {}
}

@ARTICLE{tsang:2015,
  author = {Tsang, A. S.-K. and Kapat, A. and Schoenebeck, F.},
  title = {Factors That Control C--C Cleavage versus C--H Bond Hydroxylation in Copper-Catalyzed Oxidations of Ketones with O$_2$},
  journal = {J. Am. Chem. Soc.},
  year = {2016},
  volume = {138},
  pages = {518--526},
  number = {},
  address = {},
  publisher = {}
}

@ARTICLE{chen:2014,
  author = {Chen, F. and Wang, T. and Jiao, N.},
  title = {Recent Advance is Transition-Metal-Catalyzed Functionalization of Unstrained Carbon--Carbon Bonds},
  journal = {Chem. Rev.},
  year = {2014},
  volume = {114},
  pages = {8613--8661},
  number = {},
  address = {},
  publisher = {}
}

@ARTICLE{zhou:2015,
  author = {Zhou, W. and Fan, W. and Jiang, Q. and Liang, Y.-F. and Jiao, N.},
  title = {Copper-Catalyzed Aerobic Oxidative C--C Bond Cleavage of Unstrained Ketones with Air and Amines},
  journal = {Org. Lett.},
  year = {2015},
  volume = {17},
  pages = {2542--2545},
  number = {},
  address = {},
  publisher = {}
}

@ARTICLE{qin:2016,
  author = {Qin, C. and Su, Y. and Shen, T. and Shi, X. and Jiao, N.},
  title = {Splitting a Substrate into Three Parts: Cold-Catalyzed Nitrogenation of Alkynes by C--C and C$\equiv$C Bond Cleavage},
  journal = {Angew. Chem., Int. Ed.},
  year = {2016},
  volume = {55},
  pages = {350--354},
  number = {},
  address = {},
  publisher = {}
}

@ARTICLE{liang:2017,
  author = {Liang, Y.-F. and Jiao, N.},
  title = {Oxygenation via C--H/C--C Bond Activation with Molecular Oxygen},
  journal = {Acc. Chem. Res.},
  year = {2017},
  volume = {50},
  pages = {1640--1653},
  number = {},
  address = {},
  publisher = {}
}

@ARTICLE{liu:2017,
  author = {Liu, J. and Wen, X. and Qin, C. and Li, X. and Luo, X. and Sun, A. and Zhu, B. and Song, S. and Jiao, N.},
  title = {Oxygenation of Simple Olefins through Selective Allylic C--C Bond Cleavage: A Direct Approach to Cinnamyl Aldehydes},
  journal = {Angew. Chem., Int. Ed.},
  year = {2017},
  volume = {56},
  pages = {11940--11944},
  number = {},
  address = {},
  publisher = {}
}

@ARTICLE{zhao:2018,
  author = {Zhao, B. and Tan, H. and Chen, C. and Jiao, N. and Shi, Z.},
  title = {Photoinduced C--C Bond Cleavage and Oxidation of Cycloketoxime Esters},
  journal = {Chin. J. Chem.},
  year = {2018},
  volume = {36},
  pages = {995--999},
  number = {},
  address = {},
  publisher = {}
}

@ARTICLE{adeli:2019,
  author = {Adeli, Y. and Huang, K. and Liang, Y. and Jiang, Y. and Liu, J. and Song, S. and Zheng, C.-C. and Jiao, N.},
  title = {Electrochemically Oxidative C--C Bond Cleavage of Alkylarenes for Anilines Synthesis},
  journal = {ACS Catal.},
  year = {2019},
  volume = {9},
  pages = {2063--2067},
  number = {},
  address = {},
  publisher = {}
}

@ARTICLE{liu:2019,
  author = {Liu, J. and Qiu, X. and Huang, X. and Luo, X. and Zhang, C. and Wei, J. and Pan, J. and Liang, Y. and Zhu, Y. and Qin, Q. and Song, S. and Jiao, N.},
  title = {From Alkylarenes to Anilines via Site-Directed Carbon--Carbon Amination},
  journal = {Nat. Chem.},
  year = {2019},
  volume = {11},
  pages = {71--77},
  number = {},
  address = {},
  publisher = {}
}

@ARTICLE{murakami:2017,
  author = {Murakami, M. and Ishida, N.},
  title = {A Shortcut to Molecular Complexity},
  journal = {Nat. Chem.},
  year = {2017},
  volume = {9},
  pages = {298--299},
  number = {},
  address = {},
  publisher = {}
}

@ARTICLE{lyons:2010,
  author = {Lyons, T. W. and Sanford, M. S.},
  title = {Palladium-Catalyzed Ligand-Directed C--H Functionalization Reactions},
  journal = {Chem. Rev.},
  year = {2010},
  volume = {110},
  pages = {1147--1169},
  number = {},
  address = {},
  publisher = {}
}

@ARTICLE{murai:1993,
  author = {Murai, M. and Kakiuchi, F. and Sekine, S. and Tanaka, Y. and Kamatani, A. and Sonoda, M. and Chatani, N.},
  title = {Efficient Catalytic Addition of Aromatic Carbon--Hydrogen Bonds to Olefins},
  journal = {Nature},
  year = {1993},
  volume = {366},
  pages = {13759--13769},
  number = {},
  address = {},
  publisher = {}
}

@ARTICLE{crabtree:2017,
  author = {Crabtree, R. H. and Lei, A.},
  title = {Introduction: CH Activation},
  journal = {Chem. Rev.},
  year = {2017},
  volume = {117},
  pages = {8481--8482},
  number = {},
  address = {},
  publisher = {}
}

@ARTICLE{labinger:2017,
  author = {Labinger, J. A.},
  title = {Platinum-Catalyzed C--H Activation},
  journal = {Chem. Rev.},
  year = {2017},
  volume = {117},
  pages = {8483--8496},
  number = {},
  address = {},
  publisher = {}
}

@ARTICLE{zhou:2018,
  author = {Zhou, Z. Z. and Liu, M. and Lv, L. and Li, C. J.},
  title = {Silver(I)-Catalyzed Widely Applicable Aerobic 1,2-Diol Oxidative Cleavage},
  journal = {Angew. Chem., Int. Ed.},
  year = {2018},
  volume = {57},
  pages = {2616--2620},
  number = {},
  address = {},
  publisher = {}
}

@ARTICLE{sattler:2010,
  author = {Sattler, A. and Parkin, P.},
  title = {Cleaving Carbon--Carbon Bonds by Inserting Tungsten into Unstrained Aromatic Rings},
  journal = {Nature},
  year = {2010},
  volume = {463},
  pages = {523--526},
  number = {},
  address = {},
  publisher = {}
}

@ARTICLE{jones:1993,
  author = {Jones, W. D.},
  title = {The Fall of the C--C Bond},
  journal = {Nature},
  year = {1993},
  volume = {364},
  pages = {676--677},
  number = {},
  address = {},
  publisher = {}
}

@ARTICLE{saliu:2012,
  author = {Saliu, F. and Orlandi, M. and Bruschi, M.},
  title = {\textit{N}-Aryl Lactams by Regioselective Ozonation of \textit{N}-Aryl Cyclic Amines},
  journal = {ISRN Org. Chem.},
  year = {2012},
  volume = {2012},
  pages = {1--5},
  number = {},
  address = {},
  publisher = {}
}

@ARTICLE{suarez-bertoa:2012,
  author = {Suarez-Bertoa, R. and Saliu, F. and Bruschi, M. and Rindone, B.},
  title = {Reaction Products and Mechanism of the Regioselective Oxidation of \textit{N}-Phenylmorpholline by Ozone},
  journal = {Tetrahedron},
  year = {2012},
  volume = {68},
  pages = {8267--8275},
  number = {},
  address = {},
  publisher = {}
}

@ARTICLE{binder:2008,
  author = {Binder, C. M. and Dixon, D. D. and Almaraz, E. and Tius, M. A. and Singaram, B},
  title = {A Simple Procedure for C--C Bond Cleavage of Aromatic and Aliphatic Epoxides with Aqueous Sodium Periodate Under Ambient Conditions},
  journal = {Tetrahedron Lett.},
  year = {2008},
  volume = {48},
  pages = {2764--2767},
  number = {},
  address = {},
  publisher = {}
}

@ARTICLE{criegee:1931,
  author = {Criegee, R.},
  title = {Eine Oxydative Spaltung von Glykolen},
  journal = {Berichte der Dtsch. Chem. Gesellschaft},
  year = {1931},
  volume = {64},
  pages = {260--266},
  number = {},
  address = {},
  publisher = {}
}

@ARTICLE{malaprade:1934,
  author = {Malaprade, L.},
  title = {},
  journal = {Bull. Soc. Chim. Fr.},
  year = {1934},
  volume = {3},
  pages = {833},
  number = {},
  address = {},
  publisher = {}
}

@ARTICLE{pettersson:2016,
  author = {Pettersson, M. and Hou, X. and Kuhn, M. and Wagner, T. T. and Kau, G. W. and Verhoest, P. R.},
  title = {Quantitative Assessment of the Impact of Fluorine Substitution on P-Glycoprotein (P-gp) Mediated Efflux, Permeability, Lipophilicity, and Metabolic Stability},
  journal = {J. Med. Chem.},
  year = {2016},
  volume = {59},
  pages = {5284--5296},
  number = {},
  address = {},
  publisher = {}
}

@ARTICLE{dalvi:2010,
  author = {Dalvi, V. H. and Rossky, P. J.},
  title = {Molecular Origins of Fluorocarbon Hydrophobicity},
  journal = {PNAS},
  year = {2010},
  volume = {107},
  pages = {13603--13607},
  number = {},
  address = {},
  publisher = {}
}

@ARTICLE{straganz:2003,
  author = {Straganz, G. D. and Glieder, A. and Brecker, L. and Ribbons, D. W. and Steiner, W.},
  title = {Acetylacetone-Cleaving Enzyme Dke1: A Novel C--C-Bond-Cleaving Enzyme from \textit{Acinetobacter johnsonii}},
  journal = {Biochem. J.},
  year = {2003},
  volume = {369},
  pages = {572--581},
  number = {},
  address = {},
  publisher = {}
}

@ARTICLE{peck:2011,
  author = {Peck, S. C. and Cooke, H. A. and Cicchillo, R. M. and Malova, P. and Hammerschmidt, F., and Nair, S. K. and van der Donk, W. A.},
  title = {Mechanism and Substrate Recognition of 2-Hydroxyethylphosphonate Dioxygenase},
  journal = {Biochemistry},
  year = {2011},
  volume = {50},
  pages = {6598--6605},
  number = {},
  address = {},
  publisher = {}
}

@ARTICLE{keegan:2014,
  author = {Keegan, R. and Lebedev, A. and Erskine, P. and Guo, J. and Wood, S. P. and Hopper, D. J. and Rigby, S. E. J. and Cooper, J. B.},
  title = {Structure of the 2,4'-Dihydroxyacetophenone Dioxygenase from \textit{Alcaligenes} sp. 4HAP},
  journal = {Acta Cryst.},
  year = {2014},
  volume = {D70},
  pages = {2444--2454},
  number = {},
  address = {},
  publisher = {}
}

@ARTICLE{al-ghorbani:2015,
  author = {Al-Ghorbani, M. and Begum, B. and Zabiulla, M. S. and Khanum, S. A.},
  title = {Piperazine and Morpholine: Synthetic Preview and Pharmaceutical Applications},
  journal = {J. Chem. Parm. Res.},
  year = {2015},
  volume = {7},
  pages = {281--301},
  number = {},
  address = {},
  publisher = {}
}

@ARTICLE{fontecave:1998,
  author = {Fontecave, M. and Pierre, J.-L.},
  title = {Oxidations by Copper Metalloenzymes and Some Biomimetic Approaches},
  journal = {Coord. Chem. Rev.},
  year = {1998},
  volume = {170},
  pages = {125--140},
  number = {},
  address = {},
  publisher = {}
}

@ARTICLE{varfaj:2014,
  author = {Varfaj, F. and Zulkifli, S. N. A. and Park, H.-G. and Challinor, V. L. and De Voss, J. J. and Ortiz de Montellano, P. R.},
  title = {Carbon--Carbon Bond Cleavage in Activation of the Prodrug Nabumetone},
  journal = {Drug Metab. Dispos.},
  year = {2014},
  volume = {42},
  pages = {828--838},
  number = {},
  address = {},
  publisher = {}
}

@ARTICLE{basran:2011,
  author = {Basran, J. and Efimov, I. and Chauhan, N. and Thackray, S. J. and Krupa, J. L. and Eaton, G. and Griffith, G. A. and Mowat, C. G. and Handa, S. and Raven, E. L.},
  title = {The Mechanism of Formation of \textit{N}-Formylkynurenine by Heme Dioxygenases},
  journal = {J. Am. Chem. Soc.},
  year = {2011},
  volume = {133},
  pages = {16251--16257},
  number = {},
  address = {},
  publisher = {}
}

@ARTICLE{al-kandari:2006,
  author = {al Kandari, H. and Katsumata, N. and Alexander, S. and Rasoul, M. A.},
  title = {Homozygous Mutation of P450 Side-Chain Cleavage Enzyme Gene (CYP11A1) in 46, XY Patient with Adrenal Insufficiency, Complete Sex Reversal, and Agenesis of Corpus Callosum},
  journal = {J. Clin. Endocrinol. Metab.},
  year = {2006},
  volume = {91},
  pages = {2821--2826},
  number = {},
  address = {},
  publisher = {}
}

@ARTICLE{wendlandt:2011,
  author = {Wendlandt, A. E. and Suess, A. M. and Stahl, S. S.},
  title = {Copper-Catalyzed Aerobic Oxidative C--H Functionalizations: Trends and Mechanistic Insights},
  journal = {Angew. Chem., Int. Ed.},
  year = {2011},
  volume = {50},
  pages = {11062--11087},
  number = {},
  address = {},
  publisher = {}
}

@ARTICLE{osberger:2016,
  author = {Osberger, T. J. and Rogness, D. C. and Kohrt, J. T. and Stepan, A. F. and White, M. C.},
  title = {Oxidative Deversification of Amino Acids and Peptides by Small-Molecule Iron Catalysis},
  journal = {Nature},
  year = {2016},
  volume = {537},
  pages = {214--219},
  number = {},
  address = {},
  publisher = {}
}

@ARTICLE{esguerra:2018,
  author = {Esguerra, K. V. N. and Lumb, J.-P.},
  title = {Selectivity in the Aerobic Dearomatization of Phenols: Total Synthesis of Dehydronornuciferine by Chemo- and Regioselective Oxidation},
  journal = {Angew. Chem., Int. Ed.},
  year = {2017},
  volume = {57},
  pages = {1514--1518},
  number = {},
  address = {},
  publisher = {}
}

@ARTICLE{elwell:2017,
  author = {Elwell, C. E. and Gagnon, N. L. and Neisen, B. D. and Dhar, D. and Spaeth, A. D. and Yee, G. M. and Tolman, W. B.},
  title = {Copper--Oxygen Complexes Revisited: Structures, Spectroscopy, and Reactivity},
  journal = {Chem. Rev.},
  year = {2017},
  volume = {117},
  pages = {2059--2107},
  number = {},
  address = {},
  publisher = {}
}

@ARTICLE{wang:2018,
  author = {Wang, D. and Weinstein, A. B. and White, P. B. and Stahl, S. S.},
  title = {Ligand-Promoted Palladium-Catalyzed Aerobic Oxidation Reactions},
  journal = {Chem. Rev.},
  year = {2018},
  volume = {118},
  pages = {2636--2679},
  number = {},
  address = {},
  publisher = {}
}

@ARTICLE{stahl:2004,
  author = {Stahl, S. S.},
  title = {Palladium Oxidase Catalysis: Selective Oxidation of Organic Chemicals by Direct Dioxygen-Coupled Turnover},
  journal = {Angew. Chem., Int. Ed.},
  year = {2004},
  volume = {43},
  pages = {3400--3420},
  number = {},
  address = {},
  publisher = {}
}

@ARTICLE{stahl:2005,
  author = {Stahl, S. S.},
  title = {Palladium-Catalyzed Oxidation of Organic Chemicals with O\textsubscript{2}},
  journal = {Science},
  year = {2005},
  volume = {309},
  pages = {1824--1826},
  number = {},
  address = {},
  publisher = {}
}

@ARTICLE{aggarwal:2006,
  author = {Aggarwal, V. K. and Staubitz, A. C. and Owen, M.},
  title = {Optimization of the Mizoroki--Heck Reaction Using Design of Experiment (DoE)},
  journal = {Org. Process Res. Dev.},
  year = {2006},
  volume = {10},
  pages = {64--69},
  number = {},
  address = {},
  publisher = {}
}

@ARTICLE{schultz:2006,
  author = {Schultz, M. J. and Sigman, M. S.},
  title = {Recent Advances in Homogeneous Transition Metal-Catalyzed Aerobic Alcohol Oxidations},
  journal = {Tetrahedron},
  year = {2006},
  volume = {62},
  pages = {8227--8241},
  number = {},
  address = {},
  publisher = {}
}

@ARTICLE{que:2008,
  author = {Que Jr., L. and Tolman, W. B.},
  title = {Biologically Inspired Oxidation Catalysis},
  journal = {Nature},
  year = {2008},
  volume = {455},
  pages = {333--340},
  number = {},
  address = {},
  publisher = {}
}

@ARTICLE{osterberg:2014,
  author = {Osterberg, P. M. and Niemeier, J. K. and Welch, C. J. and Hawkins, J. M. and Martinelli, J. R. and Johnson, T. E. and Root, T. W. and Stahl, S. S.},
  title = {Experimental Limiting Oxygen Concentrations for Nine Organic Solvents at Temperatures and Pressures Relevant to Aerobic Oxidations in the Pharmaceutical Industry},
  journal = {Org. Process Res. Dev.},
  year = {2015},
  volume = {19},
  pages = {1537--1543},
  number = {},
  address = {},
  publisher = {}
}

@ARTICLE{gavriilidis:2016,
  author = {Gavriilidis, A. and Constantinou, A. and Hellgardt, K. and Hii, K. K. (M.) and Hutchings, G. J. and Brett, G. L. and Kuhn, S. and Marsden, S. P.},
  title = {Aerobic Oxidations in Flow: Opportunities for the Fine Chemicals and Pharmaceuticals Industries},
  journal = {React. Chem. Eng.},
  year = {2016},
  volume = {1},
  pages = {595--612},
  number = {},
  address = {},
  publisher = {}
}

@ARTICLE{morimoto:2015,
  author = {Morimoto, Y. and Bunno, S. and Fujieda, N. and Sugimoto, H. and Itoh, S.},
  title = {Direct Hydroxylation of Benzene to Phenol Using Hydrogen Peroxide Catalyzed by Nickel Complexes Supported by Pyridylalkylamine Ligands},
  journal = {J. Am. Chem. Soc.},
  year = {2015},
  volume = {137},
  pages = {5867--5870},
  number = {},
  address = {},
  publisher = {}
}

@ARTICLE{trumbo:2001,
  author = {Trumbo, P. and Yates, A. A. and Schlicker, S. and Poos, M.},
  title = {Dietary Reference Intakes: Vitamin A, Vitamin K, Arsenic, Boron, Chromium, Copper, Iodine, Iron, Manganese, Molybdenum, Nickel, Silicon, Vanadium, and Zinc},
  journal = {J. Am. Diet. Assoc.},
  year = {2001},
  volume = {3},
  pages = {294--301},
  number = {},
  address = {},
  publisher = {}
}

@ARTICLE{brooks:2007,
  author = {Brooks, M. R. and Crowl, D. A.},
  title = {Flammability Envelopes for Methanol, Ethanol, Acetonitrile and Toluene},
  journal = {J. Loss. Prev. Process Ind.},
  year = {2007},
  volume = {20},
  pages = {144--150},
  number = {},
  address = {},
  publisher = {}
}

@BOOK{crundwell:2011,
  author = {Crundwell, F. K. and Moats, M. S. and Ramachandran, V. and Robinson, T. G. and Davenport, W. G.},
  title = {Extractive Metallurgy of Nickel, Cobalt and Platinum-Group Metals},
  publisher = {Elsevier Ltd.},
  year = {2011},
  address = {Oxford},
  edition = {},
  pages = {},
}

@BOOK{nicholls:1973,
  author = {Nicholls, D.},
  title = {The Chemistry of Iron, Cobalt and Nickel},
  publisher = {Pergamon Press},
  year = {1973},
  address = {Exeter},
  edition = {},
  pages = {},
}

@BOOK{williams:2012,
  author = {Williams, M. and Todd, G. D. and Roney, G. D. and Crawford, J. and Coles, C. and McClure, P. R. and Garey, J. D. and Zaccaria, K. and Citra, M.},
  title = {Toxicological Profile for Manganese},
  publisher = {U.\,S. Agency for Toxic Substances and Disease Registry},
  year = {2012},
  address = {Atlanta},
  edition = {},
  pages = {},
}

@ARTICLE{anastas:2010,
  author = {Anastas, P. and Eghbali, N.},
  title = {Green Chemistry: Principles and Practice},
  journal = {Chem. Soc. Rev.},
  year = {2010},
  volume = {39},
  pages = {301--312},
  number = {},
  address = {},
  publisher = {}
}

@BOOK{costa:2014,
  title = {Manganese in Health and Disease},
  publisher = {The Royal Society of Chemistry},
  year = {2014},
  author = {Costa, L. G. and Aschner, M.},
  address = {Cambridge},
  edition = {},
  pages = {}
}

@BOOK{kemmitt:1973,
  title = {The Chemistry of Manganese, Technetium and Rhenium},
  publisher = {Pergamon Press},
  year = {1973},
  author = {Kemmitt, R. D. W.},
  address = {Oxford},
  edition = {},
  pages = {}
}

@BOOK{banci:2012,
  title = {Metallomics and the Cell},
  publisher = {Springer},
  year = {2012},
  author = {Banci, L.},
  address = {Dordrecht},
  edition = {},
  pages = {169--201}
}

@BOOK{zabetakis:1965,
  title = {Flammability Characteristics of Combustible Gases and Vapors},
  publisher = {U.\,S. Department of the Interior, Bureau of Mines},
  year = {1965},
  author = {Zabetakis, M. G.},
  address = {Washington},
  edition = {},
  pages = {}
}


@BOOK{lewis:1987,
  title = {Combustion, Flames adn Explosions of Gases},
  publisher = {Academic Press},
  year = {1987},
  author = {Lewis, B. and von Elbe, G.},
  address = {New York},
  edition = {3},
  pages = {339}
}

@BOOK{zhu:2019,
  title = {Efficient Petrochemical Processes: Technology, Design and Operation},
  publisher = {John Wiley \& Sons, Inc.},
  year = {2019},
  author = {Zhu, F. and Johnson, J. A. and Ablin, D. W. and Ernst, G. A.},
  address = {Hobokin},
  edition = {1},
  pages = {21--22}
}

@BOOK{nowlin:2010,
  title = {Handbook of Transition Metal Polymerization Catalysts},
  publisher = {John Wiley \& Sons, Inc.},
  year = {2010},
  author = {Nowlin, T. E. and Mink, R. I. and Kissin, Y. V.},
  address = {Hobokin},
  edition = {},
  pages = {131--155}
}

@BOOK{greenberg:2007,
  title = {From Alchemy to Chemistry in Picture and Story},
  publisher = {John Wiley \& Sons, Inc.},
  year = {2007},
  author = {Greenberg, A.},
  address = {Hoboken},
  edition = {},
  pages = {10}
}

@BOOK{anastas:1998,
  title = {Green Chemistry: Theory and Practice},
  publisher = {Oxford University Press},
  year = {1998},
  author = {Anastas, P. T. and Warner, J. C.},
  address = {Oxford},
  edition = {}
}

@BOOK{crabtree:2019,
  title = {The Organometallic Chemistry of the Transition Metals},
  publisher = {John Wiley \& Sons, Inc.},
  year = {2019},
  author = {Crabtree, R. H.},
  address = {Hoboken},
  edition = {7th}
}

@BOOK{crabtree:2014,
  title = {The Organometallic Chemistry of the Transition Metals},
  publisher = {John Wiley \& Sons, Inc.},
  year = {2014},
  author = {Crabtree, R. H.},
  address = {Hoboken},
  edition = {6th}
}

@BOOK{hruszkewycz:2016,
  title = {Liquid Phase Aerobic Oxidation Catalysis},
  publisher = {Wiley-VCH Verlag GmbH \& Co. KGaA},
  year = {2016},
  author = {Hruszkewycz, D. and McCann, S. and Stahl, S. S.},
  address = {Weinheim},
  edition = {}
}

@BOOK{beller:2012,
  title = {Catalysis: From Principles to Applications},
  publisher = {Wiley-VCH Verlag GmbH \& Co. KGaA},
  year = {2012},
  author = {Beller, M. and Renken, A. and van Santen, R.},
  address = {Weinheim},
  edition = {}
}

@BOOK{vogel:2019,
  title = {Industrial Enzyme Applications},
  publisher = {Wiley-VCH Verlag GmbH \& Co. KGaA},
  year = {2019},
  author = {Vogel, A. and May, O.},
  address = {Weinheim},
  edition = {}
}

@ARTICLE{samuel:1996,
  author = {Samuel, D.},
  title = {Investigation of Ancient Egyptian Baking and Brewing Methods by Correlative Microscopy},
  journal = {Science},
  year = {1996},
  volume = {273},
  pages = {488--490},
  number = {},
  address = {},
  publisher = {}
}

@ARTICLE{honkala:2005,
  author = {Honkala, K. and others},
  title = {Ammonia Synthesis From First-Principles Calculations},
  journal = {Science},
  year = {2005},
  volume = {307},
  pages = {555--558},
  number = {},
  address = {},
  publisher = {}
}

@ARTICLE{mcgovern:2004,
  author = {McGovern, P. E. and Zhang, J. and Tang, J. and others},
  title = {Fermented Beverages of Pre- and Proto-Historic China},
  journal = {Proc. Natl. Acad. Sci. U.S.A.},
  year = {2004},
  volume = {101},
  pages = {17593--17598},
  number = {},
  address = {},
  publisher = {}
}

@ARTICLE{taber:2004,
  author = {Taber, G. P. and Pfisterer, D. M. and Colberg, J. C.},
  title = {A New and Simplified Process for Preparing \textit{N}-[4-(3,4-Dichlorophenyl)-3,4-dihydro-1(2H)-naphthalenylidene]methanamine and a Telescoped Process for the Synthesis of (1\textit{S}-\textit{cis})-4-(3,4-Dichlorophenol)-1,2,3,4-tetrahydro-\textit{N}-methyl-1-naphthalenamine Mandelate: Key Intermediates in the Synthesis of Sertraline Hydrochloride},
  journal = {Org. Process Res. Dev.},
  year = {2004},
  volume = {8},
  pages = {385--388},
  number = {},
  address = {},
  publisher = {}
}

@ARTICLE{lendrem:2001,
  author = {Lendrem, D. and Owen, M. and Godbert, S.},
  title = {DOE (Design of Experiments) in Development Chemistry: Potential Obstacles},
  journal = {Org. Process Res. Dev.},
  year = {2001},
  volume = {5},
  pages = {324--327},
  number = {},
  address = {},
  publisher = {}
}

@ARTICLE{laird:2002,
  author = {Laird, T.},
  title = {Design of Experiments (DoE)},
  journal = {Org. Process Res. Dev.},
  year = {2002},
  volume = {6},
  pages = {337},
  number = {},
  address = {},
  publisher = {}
}

@ARTICLE{anderson:2011,
  author = {Anderson, N. G. and Burdick, D. C. and Reeve, M. M.},
  title = {Current Practices of Process Validation for Drug Substances and Intermediates},
  journal = {Org. Process Res. Dev.},
  year = {2011},
  volume = {15},
  pages = {162--172},
  number = {},
  address = {},
  publisher = {}
}

@ARTICLE{weissman:2015,
  author = {Weissman, S. A. and Anderson, N. G.},
  title = {Design of Experiments (DoE) and Process Optimization. A Review of Recent Publications},
  journal = {Org. Process Res. Dev.},
  year = {2015},
  volume = {19},
  pages = {1605--1633},
  number = {},
  address = {},
  publisher = {}
}

@ARTICLE{desmit:2008,
  author = {de Smit, E. and Weckhuysen, B. M.},
  title = {The Renaissance of Iron-Based Fischer--Tropsch Synthesis: On The Multifaceted Catalyst Deactivation Behaviour},
  journal = {Chem. Soc. Rev.},
  year = {2008},
  volume = {37},
  pages = {2758--2781},
  number = {},
  address = {},
  publisher = {}
}

@ARTICLE{fuerstner:2016,
  author = {F\"urstner, A.},
  title = {Iron Catalysis in Organic Synthesis: A Critical Assessment of What it Takes to Make This Base Metal a Multitasking Champion},
  journal = {ACS Cent. Sci.},
  year = {2016},
  volume = {2},
  pages = {778--789},
  number = {},
  address = {},
  publisher = {}
}

@ARTICLE{smil:1999,
  author = {Smil, V.},
  title = {Detonator of the population explosion},
  journal = {Nature},
  year = {1999},
  volume = {400},
  pages = {415},
  number = {},
  address = {},
  publisher = {}
}

@ARTICLE{wang:2016,
  author = {Wang, J. and Cui, W. and Liu, Q. and Xing, Z. and Asiri, A. M. and Sun, X.},
  title = {Recent Progress in Cobalt-Based Heterogeneous Catalysts for Electrochemical Water Splitting},
  journal = {Adv. Mater.},
  year = {2016},
  volume = {28},
  pages = {215--230},
  number = {},
  address = {},
  publisher = {}
}

@ARTICLE{gao:2016,
  author = {Gao, S. and Lin, Y. and Jiao, X. and Sun, Y. and Luo, Q. and Zhang, W. and Li, D. and Yang, J. and Xie, Y.},
  title = {Partially Oxidized Atomic Cobalt Layers for Carbon Dioxide Electroreduction to Liquid Fuel},
  journal = {Nature},
  year = {2016},
  volume = {529},
  pages = {68--71},
  number = {},
  address = {},
  publisher = {}
}

@ARTICLE{westheimer:1961,
  author = {Westheimer, F. H.},
  title = {The Magnitude of the Primary Kinetic Isotope Effect for Compounds of Hydrogen and Deuterium},
  journal = {Chem. Rev.},
  year = {1961},
  volume = {61},
  pages = {265--273},
  number = {},
  address = {},
  publisher = {}
}

@BOOK{hapke:2020,
  title = {Cobalt Catalysis in Organic Synthesis},
  publisher = {Wiley-VCH Verlag GmbH \& Co. KGaA},
  year = {2020},
  author = {Hapke, M. and Hilt, G.},
  address = {Weinheim},
  edition = {}
}

@BOOK{possehl:1996,
  title = {Oxford Companion to Archaeology},
  publisher = {Oxford University Press},
  year = {1996},
  author = {Possehl, G. L.},
  address = {Oxford},
  edition = {}
}

@BOOK{wef:2020,
  title = {Making Mining Safe and Fair: Artisanal cobalt extraction in the Democratic Republic of the Congo [White paper]},
  publisher = {World Economic Forum},
  year = {2020},
  author = {Baumann-Pauly, D.},
  address = {Geneva},
  edition = {}
}

@MISC{iupac:2014,
  title = {IUPAC Compendium of Chemical Terminology},
  howpublished = {\url{https://goldbook.iupac.org}},
  note = {Accessed April 2021}
}

@MISC{nobel:2010,
  title = {The Nobel Prize in Chemistry 2010},
  howpublished = {\url{https://www.nobelprize.org/prizes/chemistry/2010/summary/}},
  note = {Accessed April 2020}
}
